<collection xmlns="http://www.loc.gov/MARC21/slim">
<record>
  <leader>01253nam0a2200253 i 450 </leader>
  <controlfield tag="001">IT\ICCU\CNCE\000976</controlfield>
  <controlfield tag="005">20080625000000.0</controlfield>
  <datafield tag="012" ind1=" " ind2=" ">
    <subfield code="a">a,na a.e. a.to E&apos;la (C) 1542 (Q)</subfield>
    <subfield code="2">fei</subfield>
  </datafield>
  <datafield tag="100" ind1=" " ind2=" ">
    <subfield code="a">19970101f1542        0itac0103    ba</subfield>
  </datafield>
  <datafield tag="101" ind1=" " ind2=" ">
    <subfield code="a">ITA</subfield>
  </datafield>
  <datafield tag="102" ind1=" " ind2=" ">
    <subfield code="a">IT</subfield>
  </datafield>
  <datafield tag="200" ind1="1" ind2=" ">
    <subfield code="a">Ardelia de Baldessar Olimpo da Sassoferrato, con somma diligentia reuista e corretta, &amp; nuouamente ristampata, nella quale si contiene strambotti, dialoghi,sonetti, frottole, mattinate, capitoli, quartetti</subfield>
  </datafield>
  <datafield tag="210" ind1=" " ind2=" ">
    <subfield code="d">\non prima del 1542!</subfield>
    <subfield code="e">In Venetia</subfield>
    <subfield code="g">per Matthio Pagan in frezzaria al segno della fede</subfield>
  </datafield>
  <datafield tag="215" ind1=" " ind2=" ">
    <subfield code="a">\56! c.</subfield>
    <subfield code="d">8ʻ</subfield>
  </datafield>
  <datafield tag="620" ind1=" " ind2=" ">
    <subfield code="a">IT</subfield>
    <subfield code="d">Venezia</subfield>
  </datafield>
  <datafield tag="700" ind1=" " ind2="1">
    <subfield code="a">Alessandri,</subfield>
    <subfield code="b">Caio Baldassarre Olimpo</subfield>
    <subfield code="3">IT\ICCU\CNCA\000586</subfield>
  </datafield>
  <datafield tag="712" ind1="0" ind2="0">
    <subfield code="a">Pagano, Matteo</subfield>
    <subfield code="3">IT\ICCU\CNCT\000430</subfield>
    <subfield code="4">650</subfield>
  </datafield>
  <datafield tag="790" ind1=" " ind2="0">
    <subfield code="a">Olimpo</subfield>
    <subfield code="c"> : da#Sassoferrato</subfield>
    <subfield code="3">IT\ICCU\CNCA\012294</subfield>
    <subfield code="z">Alessandri, Caio Baldassarre Olimpo</subfield>
  </datafield>
  <datafield tag="791" ind1="0" ind2="2">
    <subfield code="a">℗al segno della ℗Fede</subfield>
    <subfield code="c"> &lt;1542-1562&gt;</subfield>
    <subfield code="3">IT\ICCU\CNCT\002837</subfield>
    <subfield code="z">Pagano, Matteo</subfield>
  </datafield>
  <datafield tag="791" ind1="0" ind2="0">
    <subfield code="a">Pagan, Matthio</subfield>
    <subfield code="3">IT\ICCU\CNCT\005257</subfield>
    <subfield code="z">Pagano, Matteo</subfield>
  </datafield>
  <datafield tag="791" ind1="0" ind2="0">
    <subfield code="a">Paganus, Matheus</subfield>
    <subfield code="3">IT\ICCU\CNCT\005258</subfield>
    <subfield code="z">Pagano, Matteo</subfield>
  </datafield>
  <datafield tag="801" ind1=" " ind2="3">
    <subfield code="a">IT</subfield>
    <subfield code="b">ICCU</subfield>
    <subfield code="c">20201113</subfield>
  </datafield>
  <datafield tag="899" ind1=" " ind2=" ">
    <subfield code="a">Biblioteca Apostolica Vaticana. Citt ̉del Vaticano</subfield>
    <subfield code="1">EX0001</subfield>
    <subfield code="2">ZCV 01</subfield>
  </datafield>
  <datafield tag="899" ind1=" " ind2=" ">
    <subfield code="a">Biblioteca Oliveriana. Pesaro</subfield>
    <subfield code="1">PU0061</subfield>
    <subfield code="2">URB OL</subfield>
  </datafield>
</record>
</collection>
